2648 4830
591 225 653 296 ll..
676 280 678 285 .

105 493 107 496 Α
141 418 205 480 sed
217 415 267 477 his
279 415 381 498 paucis
392 413 563 495 praemissis
580 409 618 471 de
631 400 839 472 satisfactionis
851 395 961 472 Ollristi
968 408 1180 495 explicatione,

56 542 118 605 qua
140 543 194 582 usa
211 529 257 581 est
270 512 371 579 nostra
386 518 528 594 ecclesia,
549 527 667 576 transeo
690 513 729 575 ad
753 517 853 596 ipsum
877 513 967 595 hujus
993 529 1182 576 commenta-

57 625 208 688 timtculae
221 631 449 702 argumentum,
470 630 560 700 atque
575 629 610 678 ut
625 617 724 678 dicam
732 618 867 678 breviter
881 614 915 675 id
923 617 1037 700 ,quod
1054 637 1104 681 res
1127 629 1185 679 est:
1235 676 1240 689 ‚

57 728 142 787 Inest
147 726 285 806 profecto
302 745 338 784 ex
350 721 449 784 Pauli
458 721 602 817 Apostol
589 744 601 780 ι
615 731 710 781 mente
729 740 768 779 cc
780 720 945 782 docmina
932 741 964 778 en
979 716 1072 780 morte
1095 722 1186 783 Chri-

57 831 99 887 sti
110 830 157 888 vio
170 826 374 909 satisfactorie
382 868 396 897 ,
410 817 506 906 quod
528 809 663 885 Gloriatur
685 809 809 904 cruento
829 844 887 883 suu
909 815 1002 880 morte
1021 824 1057 882 id
1074 823 1187 923 effecit,
1264 910 1271 921 „

57 941 92 989 ut
95 950 169 1005 Jam
181 931 268 990 Deus
272 973 287 1001 ,
311 927 400 987 salva
414 929 572 986 sanctitate
585 925 642 986 oud
656 948 694 986 ac
700 920 845 1022 justitae,
865 946 996 984 amorem
1021 937 1050 985 et
1070 928 1189 986 mireri-
1261 986 1264 991 ,
1282 953 1286 960 ·

47 1010 192 1092 ¹cordium
199 1041 370 1110 'sequeretur
382 1031 416 1089 ιἰι
425 1031 558 1110 peccatis
568 1029 723 1088 homiuum
737 1014 951 1088 teudsmudis.
980 1028 1091 1087 Christe·
1106 1050 1189 1088 mors

57 1136 153 1213 igitur
166 1133 369 1213 emissarum
382 1141 411 1193 et
421 1136 538 1194 vicario
542 1133 645 1214 fuisse
657 1144 734 1191 recte
747 1133 871 1205 autur,
889 1138 1040 1214 quotenus
1056 1151 1136 1189 more
1153 1152 1189 1190 ex

59 1235 272 1295 necessitudine
282 1247 407 1296 mortem
418 1238 496 1296 iuter
509 1237 600 1318 atque
610 1248 781 1316 peccatum,
803 1248 903 1296 exorta
915 1236 1082 1315 illo-primo
1092 1233 1190 1293 Adc-

33 1362 39 1373 ⁸
58 1340 102 1395 mi
111 1338 236 1417 delicto,
256 1345 377 1419 peccati
382 1347 589 1420 permearet,
617 1341 753 1406 Christus
765 1361 853 1412 raro,
876 1341 986 1421 qut'ere
999 1339 1120 1417 peccati
1128 1357 1190 1416 per

57 1453 175 1500 omnem
188 1445 284 1502 vitono
300 1450 416 1524 expers,
432 1455 593 1502 moreretur
606 1455 800 1537 peccatorum
814 1444 970 1503 hominum
986 1445 1080 1500 causa
1096 1446 1190 1520 utque

31 1525 32 1531 ἵ
57 1525 216 1603 hominum
231 1545 317 1621 loco‚·
338 1552 397 1627 quo
409 1549 536 1627 fluctum
554 1559 619 1620 eet,
641 1560 681 1606 ut
694 1547 748 1620 li,
761 1548 921 1629 siquidem
940 1565 1044 1606 ueram
1069 1543 1189 1603 Christo

58 1643 304 1720 habereutficlsms
312 1689 326 1718 ,
345 1653 467 1707 veniam
473 1651 668 1759 peccaterum
682 1670 702 1706 a
715 1650 788 1708 Deo
795 1652 988 1756 impetrarent
999 1669 1038 1704 ac
1056 1649 1121 1706 vita
1133 1665 1189 1703 aer·

60 1756 146 1806 temo
152 1750 332 1827 poterentur.

143 1852 216 1910 Jam
233 1871 305 1910 vero
317 1848 400 1911 haec
406 1859 559 1932 quatenus
586 1853 764 1913 conveniant
783 1827 1117 1910 cmuReformatoruin
1136 1868 1190 1910 ra-

61 1932 194 2010 tionibus
213 1963 265 2010 aut
284 1954 440 2027 Amelmi,
468 1961 531 2012 uon
556 1974 651 2022 curo..
670 1953 816 2011 'Nomine'
835 1952 1065 2026 satisfactionis,
1094 1973 1191 2034 quam

62 2052 227 2129 servatoris
246 2054 337 2112 morti
352 2050 420 2111 hoo.
431 2072 522 2112 seusu
539 2052 730 2152 tribuentium
741 2041 912 2129 ''existimo,
941 2073 992 2111 me
1012 2055 1075 2114 nou
1094 2055 1190 2131 abuti,

62 2165 187 2235 apparet
205 2156 330 2236 cuique,
352 2156 481 2234 quinon
496 2158 530 2212 in
543 2156 635 2240 verba
651 2158 789 2232 magistri
796 2156 894 2230 jurat,
917 2165 1065 2234 quantum
1087 2166 1191 2215 autem

41 2248 139 2317 “haec
153 2259 251 2328 omnis
276 2250 352 2314 ratio
372 2253 462 2314 distet
483 2255 520 2313 ab
548 2255 706 2317 artificioso
734 2253 990 2315 Scholasticorum
1016 2265 1190 2336 systmnate,

64 2367 211 2439 quantum
224 2357 300 2417 absit
315 2379 333 2416 a
342 2355 476 2417 fovenda
489 2355 648 2416 hominum
659 2359 821 2435 impiorum
843 2360 1020 2434 securitate,
1042 2370 1191 2438 quantum

63 2461 163 2540 potius
174 2470 279 2520 'veram
290 2463 435 2541 pietatem
446 2458 577 2538 adjuvet,
593 2478 733 2541 eumque,
749 2479 809 2540 quo
820 2457 983 2519 hominem
994 2460 1200 2521 christianum·

64 2580 184 2645 semper
196 2561 281 2623 decet
293 2564 377 2640 essa,
385 2565 498 2623 excitet
511 2564 661 2622 animum:
684 2561 718 2620 id
734 2563 806 2622 satis
819 2563 958 2639 elucebit,
980 2561 1101 2642 quando
1117 2583 1192 2643 pro·

63 2642 196 2744 bavero,
205 2688 274 2726 eam
286 2687 349 2725 non
361 2685 462 2725 meam
472 2684 547 2740 esse,
563 2685 625 2723 non
634 2663 856 2743 theologorum,
869 2664 924 2724 sed
931 2644 1020 2726 llauli
1034 2669 1192 2747 essaApo-

65 2771 146 2832 stoli.
176 2770 241 2842 Qua
252 2771 288 2826 in
302 2789 351 2844 re,
372 2769 418 2826 uti
429 2767 492 2844 jem
501 2764 666 2825 indicatum
678 2776 741 2842 est,
762 2766 805 2825 ita
825 2768 981 2856 versabor,
1009 2768 1043 2826 ut
1057 2771 1191 2848 primum

67 2880 243 2952 argumenta
256 2890 298 2930 ex
311 2871 438 2950 singulis
451 2867 632 2951 quibusdam
639 2867 834 2938 Paulinamm
845 2871 1118 2951 epistolarumloois
1133 2893 1192 2952 pe-

55 2978 122 3037 «tita
141 2992 317 3055 proponam,
340 2970 449 3033 deinde
464 2969 574 3051 dogma
593 2968 631 3030 da
652 2963 848 3034 satisfactoria
862 2977 967 3035 mortis
982 2973 1092 3036 Christi
1102 2978 1135 3037 vi
1149 2995 1193 3041 ex

67 3079 207 3137 universa
225 3077 363 3155 Apostoli
386 3087 488 3136 mente
510 3095 545 3134 ao
561 3071 703 3142 ¹doctrina
723 3078 931 3158 comprobem,
953 3081 1071 3157 rejectis
1097 3052 1193 3141 simul

68 3182 168 3257 vanis,
189 3180 299 3261 quibus
313 3180 360 3239 usi
371 3189 457 3255 sunt,
480 3165 629 3258 dogmatis
640 3179 840 3260 impugnandi
854 3183 1027 3243 rationibus.
1041 3216 1085 3229 —

70 3502 163 3556 luel·
182 3501 353 3572 Bes'logene.
371 3485 527 3558 Heirriertr.
545 3504 579 3556 Π.
602 3521 631 3573 p
650 3505 708 3560 102.
724 3486 835 3576 aliique)
849 3521 881 3559 ea
899 3521 931 3558 ex
947 3505 997 3559 sto
1015 3522 1113 3576 gestare
1130 3513 1191 3564 suut

71 3586 213 3656 etquidem
231 3586 369 3656 ejusmodi,
393 3605 460 3659 quae
479 3583 636 3644 sublimitate
653 3590 760 3670 quadam
780 3591 897 3646 laborent
917 3593 1015 3663 pariter
1027 3600 1104 3665 atque
1120 3612 1191 3658 eom-

70 3663 229 3729 mentiantur.
268 3673 369 3728 Vereor
389 3680 490 3742 summ,
511 3674 615 3746 partim
627 3693 660 3729 ne
684 3667 809 3731 Philome
834 3680 935 3747 γνῶσις
960 3697 1010 3736 nec
1035 3680 1114 3736 fuerit
1142 3697 1192 3734 ιιιι-

70 3777 145 3830 quam
162 3759 285 3826 Paulim‚
304 3776 353 3812 nec
370 3776 438 3814 nunc
453 3762 691 3818 Paulluafootasit
696 3766 861 3837 ,partimus
876 3760 996 3822 rerba
974 3783 1072 3837 supro
1084 3765 1191 3821 arbitrio

68 3852 155 3932 sumta
163 3854 191 3902 ot
209 3843 407 3912 adhibituram,
424 3847 456 3901 de
468 3865 518 3918 qua
535 3849 635 3920 agitur,
652 3849 781 3923 implicent
794 3853 891 3922 magis,
908 3869 983 3923 quem
1003 3853 1137 3926 explicent

533 4067 735 4081 ›o—-un—-aeu
