2648 4830
111 650 523 747 Sutisscctoriam'
538 650 625 723 vim
646 649 798 721 inesse
814 651 857 720 ic
874 661 1020 724 morte
1038 652 1237 743 Christi,

109 782 318 872 apparet
333 785 385 845 eo
403 772 770 870 comparatione,
790 773 1238 866 quoPuclusutitur,

119 922 120 929 ¹
166 891 308 987 bajus
333 895 501 964 mortis
523 916 619 964 cum
644 891 896 986 sacrificio
922 903 966 964 et
994 895 1177 994 quidem.

345 1109 347 1116 Ι
399 1011 654 1114 sacrificio
683 1008 951 1113 piaculari.¹
1010 1005 1013 1012 ’

190 1167 256 1223 Hac
267 1165 301 1223 in
313 1185 349 1224 re
363 1161 555 1244 dijudicanda
574 1173 687 1223 rectam
700 1164 812 1223 rituum
828 1164 1053 1241 sacrificabam,
1079 1165 1134 1245 qui
1153 1164 1237 1243 apud

106 1267 262 1336 Hebraeos,
274 1268 447 1326 obtinebant
463 1269 538 1327 olim
551 1286 732 1348 sensusque,
755 1267 807 1348 qui
823 1267 1009 1343 iis'subsrat,
1031 1268 1236 1346 cognitionem

105 1370 303 1427 nou'minimi
315 1372 462 1429 momenti
475 1391 542 1438 essa
550 1379 614 1429 rzut
623 1390 678 1450 per
699 1390 732 1430 se
747 1369 837 1427 facile
849 1377 949 1449 patet,
971 1372 1013 1428 ita
1030 1371 1109 1443 ,satis
1134 1370 1236 1428 elucet

89 1467 93 1473 ’
105 1491 147 1530 ex
157 1472 234 1530 mira
245 1473 300 1530 illa
315 1469 513 1552 discrepantia
526 1474 760 1547 sententiarum,
784 1489 860 1551 quae
882 1469 919 1528 de
936 1468 1045 1530 iisdem
1065 1474 1234 1531 recentiore

104 1574 295 1651 potissimum
311 1584 446 1654 tempore
458 1576 492 1632 iu
503 1572 639 1633 medium
652 1575 785 1654 prolatae
800 1583 881 1650 sunt,
920 1574 1065 1633 Attamen
1078 1572 1156 1632 mihi
1167 1593 1232 1632 non

37 1662 41 1668 “
103 1675 138 1732 in
152 1679 252 1736 animo
266 1687 343 1753 est,¹‘
350 1698 449 1759 neque
463 1687 515 1736 aut
527 1697 577 1736 me
594 1686 646 1735 aut
669 1677 744 1735 alios
768 1672 986 1747 delectaturam
1006 1696 1071 1738 esse
1092 1678 1231 1753 arbitror,
1265 1747 1268 1756 Δ

105 1776 245 1852 diligenti
263 1779 449 1855 expositione
462 1786 607 1853 repetere,
629 1775 774 1858 quicquid
788 1783 846 1839 viri
864 1779 943 1839 docti
955 1800 1050 1860 quum
1072 1779 1109 1837 de
1132 1799 1163 1836 re
1178 1797 1231 1836 sa—

104 1876 226 1935 crificali
238 1877 271 1933 in
284 1877 474 1950 rmiversum,
493 1885 559 1933 tum
571 1878 706 1935 maxime
719 1878 757 1936 de
772 1879 977 1955 Hebraeorum
997 1879 1147 1939 sacrificiis
1169 1896 1230 1940 ax.-

102 1980 239 2061 piatoriis
255 1980 409 2054 senserint,
432 1976 507 2060 quid
520 1979 672 2055 finxerint,
694 1979 769 2060 quid
784 1982 999 2040 intellexerint.
1032 1983 1146 2040 Totam
1162 1964 1229 2038 rem

103 2078 143 2142 ad
155 2079 311 2162 liquidmn
325 2071 505 2170 perducere',
527 2080 554 2138 si
565 2078 745 2158 perductum
766 2099 901 2159 unquam
915 2084 953 2138 iri
964 2102 1027 2140 non
1043 2081 1236 2160 desperatur,⁴

97 2203 191 2249 nemo
204 2181 328 2261 negabit
343 2202 408 2241 esse
424 2179 614 2260 perdifficile.
647 2182 818 2242 certarem
833 2183 895 2241 ubi'
904 2180 1050 2262 denegata
1061 2193 1147 2258 sunt,
1164 2203 1229 2243 non

101 2285 225 2369 quidem
248 2280 421 2363 vagandum
440 2285 473 2340 iu
495 2285 685 2363 opinionibus
705 2295 735 2342 et
754 2285 929 2363 conjecturis
954 2285 1226 2368 qualibuscunque,

82 2388 154 2450 „sed
171 2384 313 2447 standum
326 2392 372 2442 est
388 2382 603 2462 probabilibus.
628 2396 630 2400 '
653 2376 661 2393 '²

76 2521 80 2529 ,
183 2489 404 2549 inuniversum
418 2482 500 2567 quod
520 2488 626 2544 attinet
646 2483 686 2543 ad
708 2489 850 2549 sacrificia
863 2490 907 2570 ¹),
935 2492 1119 2572 simplicitati
1144 2493 1226 2550 anti·

98 2609 228 2675 quorum
243 2587 626 2646 homiuumconvenieuter
639 2597 768 2646 statuere
781 2588 859 2648 mihi
878 2589 999 2669 videor,
1029 2591 1224 2657 sacrificando

99 2690 248 2755 studuisse
263 2708 316 2748 eos
328 2689 460 2746 numinis
471 2688 616 2748 favorem
627 2689 686 2748 sibi
701 2694 874 2770 conciliare,
897 2697 1088 2754 conciliatum
1100 2714 1223 2753 conser-

79 2817 180 2872 .vare,
202 2794 346 2852 amissum
362 2792 563 2851 reconciliare.
590 2796 682 2873 *Hinc
694 2776 1118 2879 comrnode'explicanturtria
1131 2816 1223 2885 praa,-

30 2961 35 2969 ,
99 2902 187 2979 cipua
205 2899 328 2958 illorum
342 2901 471 2973 genera3
493 2892 584 2952 modo
600 2897 682 2952 euim
696 2900 916 2974 sacrificabant,
938 2913 972 2960 ut
987 2901 1128 2979 precibus
1151 2920 1221 2959 ma-

95 3003 194 3081 jorem
204 3000 267 3056 vim
286 2995 447 3068 adderent,
467 2992 558 3054 modo
569 3005 602 3052 ut
615 3015 669 3075 pro
683 2997 834 3057 beneficiis
849 3002 977 3078 acceptis
991 3002 1135 3057 referrent
1146 3019 1219 3076 gra⁴
1237 2980 1244 2990 “

97 3105 172 3179 tias,
192 3097 283 3160 modo
300 3107 335 3158 ut
350 3106 472 3177 peccata
491 3098 650 3158 commissa
664 3086 831 3178 expiarent.
874 3095 960 3191 Quod
981 3099 1105 3183 quidem
1122 3120 1219 3179 genus

97 3207 204 3265 ultimo
224 3204 292 3263 loco
305 3212 571 3261 commemoratum
585 3221 665 3260 nunc
676 3203 777 3280 ipsum
792 3206 957 3262 accuratius
967 3204 1058 3284 paulo
1078 3201 1217 3261 conside-

97 3305 226 3366 randum
243 3314 297 3363 est.
334 3304 531 3364 Perceusenti
544 3301 621 3361 mihi
634 3313 797 3379 autemea,
825 3303 958 3385 quaeda
980 3304 1130 3367 sacrificiis
1152 3309 1216 3363 He-

95 3411 254 3468 braeorum
277 3407 476 3486 piacularibus
498 3407 580 3488 vario
598 3403 689 3463 modo
709 3393 861 3486 proposita
882 3417 968 3484 sunt,
999 3407 1032 3467 id
1055 3429 1115 3469 non
1143 3413 1214 3468 satis

95 3523 222 3590 cautum¹
233 3530 298 3570 esse
311 3508 445 3597 videtur,
473 3519 563 3566 utne
584 3509 700 3587 antiqui
720 3528 774 3586 pro
795 3505 889 3568 doctis
909 3507 1109 3586 haberentur,
1132 3513 1232 3590 iiqua‘

94 3631 188 3694 aeque
204 3611 352 3669 subtiliter
365 3630 400 3668 ac
411 3611 506 3669 nostri
518 3610 581 3667 fere
596 3606 730 3697 theologi
744 3613 871 3670 sensisse
885 3624 1068 3691 putarentur.
1111 3613 1213 3672 Sacri·

34 3731 38 3736 ·
92 3717 160 3774 ficia
176 3714 341 3793 piacularia
358 3714 493 3770 instituta
509 3731 573 3768 esse
589 3709 760 3769 adveniam
774 3724 965 3791 peccatorum
981 3713 1210 3795 impetrandam,

90 3820 205 3899 illaque
217 3809 660 3896 fuissehujushconsequendae
683 3811 885 3874 conditionem
908 3816 959 3877 rel
978 3821 1142 3888 rationem,
1172 3814 1210 3870 ab
1243 3831 1253 3858 ν

162 4037 189 4105 1)
210 4034 342 4102 (liques
364 4047 396 4084 ex
416 4029 561 4102 Porphyris
573 4006 618 4083 ,de
637 4027 810 4107 antiquissima
831 4013 993 4088 medicandi
1013 4028 1112 4084 raticus
1133 4029 1211 4084 affert

92 4123 228 4178 Rossbr
244 4135 336 4191 praep.
349 4134 388 4171 aa.
404 4118 425 4170 1.
438 4134 467 4186 p.
477 4118 521 4172 28.
538 4112 714 4186 „sipariove
730 4113 819 4180 Θεοΰς
837 4119 873 4188 τῇ
891 4116 982 4187 θυσίᾳ
1005 4115 1210 4184 degradasset&

93 4216 123 4264 st
133 4223 208 4279 quent
224 4205 322 4259 Plato
341 4203 368 4258 d.
381 4220 436 4273 rep.
447 4206 474 4261 3.
488 4222 518 4276 p.
531 4204 592 4261 390.
605 4199 806 4258 citat'sstennem
816 4204 870 4272 jau
885 4202 953 4274 apud
967 4201 1084 4273 antiquos
1096 4220 1207 4258 versu:

39 4354 44 4372 Ι
93 4294 172 4362 δῶρα
186 4287 377 4354 Θεοῦςιείθει
391 4295 451 4365 εὶς,-
487 4306 491 4311 ·
