2648 4830
620 234 646 307 5

72 424 162 506 Quod
182 424 209 486 si
228 422 352 499 miuus,
368 429 453 486 certe
473 425 533 487 hoc
554 424 759 505 comprobant,
776 423 1008 508 philosophiam,
1022 428 1087 507 ‘p'e'r
1105 444 1193 493 omne
1220 443 1230 455 “
1256 454 1259 459 ·

70 539 191 611 tempus
210 533 300 594 vmiis
326 532 460 594 indutam
487 532 611 608 formis,
624 516 626 521 ⁴
639 532 847 615 theologorum
880 535 988 597 studiis
1019 534 1127 596 ducem
1156 554 1192 598 ac

70 638 299 726 moderatricem
318 659 378 702 nou
399 657 467 701 esse
487 626 546 702 nisi
571 660 641 703 erun
660 659 768 722 magno
788 645 879 702 verae
898 640 1072 720 disciplinae
1088 646 1192 702 sacrm

69 744 263 807 neemena-
302 745 345 808 ur
366 766 402 808 ea
421 747 487 826 epse
510 751 610 809 amen
630 748 662 810 u
682 747 846 809 multorum
860 727 1069 829 aarum
1081 747 1192 809 auom

55 849 218 933 'librisque‘
233 851 272 915 ad
292 851 374 914 huuc
395 872 491 932 usque
522 854 603 915 diem
630 853 766 934 vigente,
801 873 861 917 uon
887 855 996 946 desunt
1026 854 1097 930 alii,
1125 855 1192 933 qui

50 964 212 1045 'quantum
232 962 376 1039 possunt,
395 959 428 1021 iu
449 979 487 1021 eo
508 961 676 1038 enituntur,
695 967 731 1022 ut
746 963 901 1041 antiquum
920 960 1055 1023 Amelmi
1075 948 1206 1022 sellie?

65 1066 263 1139 formatorum
292 1061 399 1145 dogma
412 1086 418 1094 ·
431 1067 466 1128 in
495 1067 643 1129 honorem
674 1074 766 1147 atque
796 1068 1007 1129 auctoritatem
1034 1067 1191 1141 reducant,

65 1168 238 1249 quicunque
253 1189 313 1231 non
334 1174 402 1232 cur'u
427 1173 502 1253 ipsis
523 1172 654 1250 faciunt,
677 1176 864 1238 aesomnes
894 1173 969 1235 diris
996 1173 1189 1236 devoventes.
1277 1244 1304 1257 μ

65 1275 201 1352 Quorum
219 1277 379 1339 nonnullos
398 1269 489 1340 hirnia
502 1279 595 1342 iidem
617 1281 777 1350 excolendi
796 1286 828 1342 et
847 1278 1057 1363 propugnandi
1079 1276 1190 1357 cupido

63 1378 223 1444 seduxisse
242 1382 380 1458 videtur,
402 1385 435 1446 in
455 1387 603 1447 corrueris
624 1393 659 1450 ut
679 1395 841 1455 currerunt
859 1389 949 1463 vitia,
963 1391 1005 1449 'ut
1019 1386 1069 1445 vel
1085 1389 1190 1444 actum

63 1481 211 1568 quandiiu
231 1488 382 1552 forensem
397 1491 496 1552 Deum
515 1492 597 1552 inter
617 1492 816 1574 hominesque
843 1495 964 1555 Christo
986 1494 1190 1569 intercessore

62 1595 200 1656 habitum
220 1588 458 1673 constituerent,
487 1617 541 1668 eu³
555 1617 615 1677 quo
643 1601 815 1679 quicunque
843 1600 966 1661 Christo
994 1600 1190 1676 ipsorumque

62 1701 198 1781 pertibus
219 1700 531 1776 dedissentuomen,
558 1703 685 1790 salutem
708 1705 960 1781 perfectissimam
987 1704 1189 1781 reportarent,
1264 1739 1270 1747 ·

62 1805 113 1865 vel
134 1805 192 1864 alia
211 1805 320 1866 similia
338 1807 520 1887 proferrent,
543 1813 621 1888 quae
640 1809 701 1868 non'
720 1808 822 1869 miuus
831 1808 1016 1888 Scriptorum
1031 1805 1064 1868 S.
1084 1806 1188 1882 menti,-

65 1911 157 1991 quam'
174 1930 246 1973 sane
265 1913 374 1974 rationi
394 1919 574 1995 repugnant
614 1913 648 1975 ln
670 1919 755 1975 tento
785 1915 845 1974 hoc
871 1920 995 1993 tamque
1009 1913 1098 1993 gravi
1117 1931 1188 1973 scn-

62 2019 226 2080 teutiarum
242 2017 405 2076 certamine
419 2018 552 2079 ‘difficile
574 2036 647 2080 saue
673 2025 741 2094 est,
775 2020 881 2082 fidenti
907 2021 1004 2081 auimo
1031 2018 1064 2078 iu
1087 2019 1187 2080 telem

63 2121 203 2203 prodire;
216 2184 218 2198 ,
233 2140 335 2200 neque
364 2127 465 2186 tamen
486 2125 648 2205 quidquam
666 2119 978 2190 iaciendumridctur
999 2124 1097 2199 ahiud,
1121 2125 1187 2186 nisi

61 2235 97 2293 ut
117 2228 155 2291 ad
175 2226 353 2314 simplicem,
374 2233 502 2304 cautam,
522 2229 669 2310 integram
689 2231 835 2292 h'brorum
854 2226 885 2287 S.
905 2225 1185 2309 interpretationem

40 2333 260 2414 confugiatur.
301 2333 440 2413 Alioquin
461 2319 541 2397 enim
560 2356 619 2398 uec
640 2325 883 2409 laudamentum,
915 2354 976 2413 quo
996 2336 1185 2415 disputantes

61 2445 148 2504 recte
167 2440 318 2515 nitamur,
338 2439 432 2500 ullum
455 2441 530 2516 erit,
551 2461 609 2503 nec
630 2443 677 2503 rei
696 2447 830 2514 summa,
857 2440 967 2518 inqua
994 2442 1183 2517 consenticu-

61 2551 134 2612 dum
155 2553 187 2608 et
205 2547 454 2627 acquiescendum
475 2549 534 2622 sit,
556 2547 619 2610 ulla¹
637 2565 766 2626 uuquam
786 2545 1011 2623 poteriteilici.
1051 2545 1096 2607 lta
1113 2549 1184 2633 quis
1213 2599 1215 2604 ,
1240 2588 1245 2593 -

59 2648 131 2719 dem
151 2651 227 2717 nihil
247 2673 297 2714 me
318 2655 386 2715 noui
401 2654 579 2733 praedicare
590 2652 719 2733 glorior3
740 2656 845 2712 re'rauu
864 2656 900 2712 et
915 2651 1041 2714 fuerunt
1053 2659 1085 2715 et
1100 2661 1181 2728 suunt,

60 2780 175 2838 eosque
195 2760 444 2839 summaxpietate
474 2778 656 2839 prosequor,
687 2758 743 2820 viri
771 2757 981 2831 eruditissimi,
1011 2761 1080 2837 qui,
1107 2761 1182 2840 quid

18 2908 21 2911 ι
61 2870 119 2929 hac
139 2867 172 2928 iu
190 2884 225 2926 re
245 2864 431 2926 sentiendum
453 2866 704 2946 statuendumque
724 2865 783 2941 alt,
804 2864 936 2925 doceant
950 2868 1043 2943 atque
1064 2868 1109 2926 sic
1125 2868 1180 2927 do-

61 2980 165 3049 ceant,
197 2972 244 3034 uti
270 2990 325 3051 par
351 2977 409 3032 est.
452 2972 562 3050 ermti
586 2981 687 3033 autem
712 2971 855 3033 momenti
880 2970 912 3031 in
932 2972 1180 3034 uostraecclesia

60 3083 169 3163 dogma
187 3079 264 3140 illud
283 3078 324 3140 de
344 3078 549 3141 satisfactione
570 3080 684 3140 Christi
709 3079 819 3138 vicaria
838 3078 975 3138 habitum
994 3079 1051 3153 sit,
1078 3080 1179 3157 ipsum

60 3186 229 3248 Lutherum
249 3190 359 3246 testem
372 3187 482 3259 excito,
501 3183 665 3258 dicentem,
687 3205 757 3247 erun
776 3184 851 3243 fidei
869 3184 1027 3245 articulum
1048 3184 1177 3262 primum

61 3311 131 3352 esse
151 3297 242 3369 atque
261 3292 469 3373 principalem,
491 3293 609 3371 dequo
630 3292 741 3352 cedere
761 3295 813 3366 aut
834 3293 936 3349 contra
954 3309 1045 3368 quem
1064 3289 1179 3367 aliquid

60 3398 165 3479 largiri
179 3401 267 3458 demo
282 3399 405 3475 piorum
421 3400 527 3477 possit,
549 3399 667 3459 etiamsi
683 3399 801 3458 coelum
821 3400 853 3456 et
873 3401 957 3455 terra
976 3400 1067 3474 atque
1078 3398 1176 3456 omnia
1204 3419 1211 3431 ‘

60 3509 210 3573 corruant.
252 3505 492 3582 Quisquamne
517 3506 590 3586 jure
618 3523 674 3566 suo
702 3500 869 3563 Lutherum
896 3502 1008 3562 dixisse
1033 3502 1173 3575 arbitrer,
1302 3501 1304 3505 ’

58 3620 160 3674 tamen
181 3612 269 3691 apio
290 3615 392 3679 corrtre
413 3611 577 3674 catholicos
597 3595 707 3672 ardore
737 3614 821 3671 tanta
839 3627 1030 3688 promanasse
1051 3609 1173 3670 ridetur

59 3719 214 3780 severitas.
255 3716 318 3777 Sed
338 3719 475 3796 profecto
505 3715 537 3779 in
564 3738 632 3780 eum
652 3718 751 3805 locurn
771 3716 917 3798 adductae
944 3734 995 3776 res
1016 3720 1101 3789 sunt,
1136 3722 1172 3776 ut
1277 3748 1285 3769 ι

60 3845 130 3888 oum
168 3824 368 3887 Melanthone
397 3825 640 3905 conquerendum
678 3826 832 3904 hodieque
864 3824 919 3896 sit,
960 3821 1082 3907 irrideri
1107 3834 1170 3894 eos,

59 3934 112 4010 qui
132 3931 218 3993 uliam
231 3932 378 4013 justitiam
399 3937 522 4010 praeter
541 3931 777 4013 philosophicam
796 3928 996 4008 appetendam
1016 3946 1083 3988 esse
1100 3946 1170 3990 ceu·

59 4043 154 4098 scant
195 4036 283 4118 Quod
305 4039 355 4098 rel
375 4039 502 4099 munna
520 4038 553 4101 iu
573 4057 626 4103 eos
646 4039 744 4115 cadit,
772 4041 822 4117 qui
842 4035 1003 4096 doctrinam
1025 4034 1171 4113 evangelii
1240 4083 1241 4087 ,
1293 4072 1295 4079 ι

53 4146 100 4208 'de
120 4145 241 4207 salutari
262 4146 376 4208 Christi
393 4150 509 4218 morte,
529 4146 666 4207 sincerae
685 4142 938 4224 interpretationis
956 4139 1016 4199 nisi
1037 4138 1168 4232 auotori-

33 4260 35 4266 '
59 4259 140 4328 tate,
160 4253 340 4334 profitentur
360 4259 450 4335 atque
470 4257 667 4336 propugnant.
709 4251 823 4331 Quibus
843 4247 1002 4311 ferendum
1015 4252 1063 4310 est
1075 4246 1166 4309 altum
