2648 4830
671 208 697 313 8
775 249 781 255 .

121 425 209 507 21.),
224 435 289 486 tum
301 435 491 507 peccatorum
503 445 634 507 poenas,
656 447 732 508 quas
748 425 905 487 00000000
918 423 1078 486 hominum
1093 446 1188 507 genus
1205 447 1251 488 ex

120 529 190 612 lege
202 527 303 590 divina
316 538 540 602 commeruerat,
559 539 655 588 morte
671 537 792 587 cruenta
806 546 870 604 sua,
888 539 993 608 sponte
1011 539 1150 609 suscepta
1164 530 1249 609 (Gal.

120 635 158 710 2,
186 633 240 695 20.
260 629 340 712 Eph.
355 631 393 706 5,
413 633 447 692 2.
468 627 548 689 Phil.
560 632 602 705 2,
624 633 656 693 7.
687 631 709 691 2
724 629 791 688 Cor.
814 630 853 705 8,
872 629 933 704 9.),
965 632 1089 710 pertulit
1113 633 1196 706 (Gal.
1217 633 1249 722 3,

122 733 174 798 18·
193 734 296 796 2601.
314 727 425 808 5,.14.
445 729 521 810 21.).
565 733 628 805 Quo
645 731 759 791 factum
776 741 837 806 est,
859 740 896 790 ut
910 731 1052 811 abrogata
1069 734 1134 811 jam
1152 729 1268 797 disci·‚

119 835 205 916 plina
216 836 349 895 Massica
363 833 464 913 (Rom.
478 835 516 908 7,
539 832 570 897 4.
592 834 650 908 10,
672 828 711 895 4.
726 833 792 893 Gal.
812 833 843 908 3,
853 830 903 896 24
916 852 981 934 000.
1004 834 1040 910 5,
1064 835 1250 909 1.),011100

119 939 200 1018 patri
213 941 312 1011 (Rom.
324 938 354 1013 8,
379 935 441 999 15,.
452 936 519 994 Gal.
533 931 565 1011 4,
578 934 621 1008 5.)
636 936 893 995 reconciliaremur
906 935 1009 1015 (Rom.
1025 935 1055 1017 5,
1074 936 1125 999 10.
1146 938 1167 998 2
1179 936 1250 995 Cor.

107 1036 108 1040 ’
121 1040 158 1116 5,
180 1039 232 1103 18.
253 1037 333 1119 Eph.
346 1039 385 1114 2,
409 1037 473 1119 16.)
489 1048 519 1096 et
534 1056 701 1118 poenarum
712 1021 838 1098 istarum
852 1037 941 1096 liberi
956 1037 1097 1098 fieremus
1112 1034 1249 1119 (Eph..1,

119 1137 152 1199 7.
174 1137 240 1195 Coi.
257 1140 294 1213 1,
317 1133 368 1210 14.
391 1140 410 1203 1
425 1136 535 1200 Thess.
550 1138 585 1214 5,
607 1139 638 1201 9.
661 1141 697 1215 1,
716 1137 797 1219 10.)‚
819 1150 854 1198 ut
870 1148 1017 1218 tanquam
1029 1140 1118 1218 probi
1131 1160 1165 1198 ac
1174 1133 1250 1218 justi

120 1257 223 1298 coram
235 1240 299 1299 Deo
313 1240 454 1301 clementi
469 1242 571 1320 (Rom.
585 1238 622 1317 4,
643 1236 695 1304 24.
717 1236 755 1317 4,
778 1241 829 1305 16.
850 1239 929 1320 Eph.
946 1243 984 1317 2,
1006 1239 1037 1304 5.
1058 1243 1127 1300 Tit.
1143 1241 1179 1318 8,
1202 1239 1249 1326 5,)

121 1337 344 1427 declararamur
357 1341 457 1423 (Rom.
468 1345 508 1420 2,
530 1344 562 1408 8.
583 1346 671 1403 Rom.
685 1341 721 1419 5,
746 1341 786 1406 18
802 1362 848 1425 sq.
879 1346 900 1406 2
914 1343 980 1402 Cor.
994 1343 1032 1418 8,
1061 1339 1106 1422 9.)
1119 1387 1128 1418 ,
1143 1343 1250 1423 siqui-

121 1438 193 1503 dem
207 1445 258 1523 pia
271 1442 330 1503 fide
342 1445 471 1504 salutem
484 1464 539 1524 per
551 1441 702 1505 Christum
718 1444 805 1502 nohis
822 1444 954 1513 oblatam
968 1442 1102 1532 amplexi
1113 1463 1249 1504 essemus

120 1540 223 1622 (Rom.
238 1545 276 1622 8,
298 1544 350 1609 28.
371 1547 406 1622 1,
429 1549 481 1610 17.
502 1544 582 1606 Phil.
598 1547 637 1624 3,
658 1546 689 1608 9.
711 1539 779 1603 601.
792 1547 828 1621 2,
852 1547 902 1609 16.
925 1543 1005 1625 Eph.
1022 1547 1056 1622 2,
1077 1543 1133 1624 8..)
1155 1546 1249 1623 Cujus

120 1644 247 1728 quidem
258 1649 363 1708 salutis
378 1668 433 1726 per
447 1647 558 1708 Christi
573 1659 703 1708 mortem
722 1646 861 1707 fidelibus
881 1659 985 1728 partae
1008 1666 1127 1706 summa
1151 1649 1251 1707 conti-

119 1755 210 1805 netur
224 1747 287 1804 rita
302 1754 423 1803 aeterna
440 1744 540 1824 (Rom.
554 1745 591 1821 5,
615 1747 666 1808 17.
678 1749 730 1810 21.
753 1750 789 1823 6,
811 1748 863 1811 23.
886 1750 950 1807 601.
967 1748 998 1837 8,
1021 1744 1052 1811 4.
1073 1751 1091 1812 1
1106 1750 1172 1808 Cor.
1195 1750 1249 1826 15,

120 1845 245 1927 21000.
266 1843 406 1922 1Thess.
420 1844 457 1922 5,
482 1844 563 1926 10.);
585 1866 656 1906 vera
674 1856 775 1906 autem
789 1845 864 1909 fidas
873 1850 909 1924 iu
923 1867 959 1906 eo
981 1850 1132 1924 consistit,
1164 1849 1250 1930 quod

27 2011 33 2021 ,
77 2005 82 2011 .
121 1943 275 2007 Christum
286 1949 344 2007 Dei
356 1948 457 2007 filium‘
471 1967 536 2010 0000
548 1950 637 2033 nobis
650 1948 885 2028 persuademus3
906 1948 988 2030 quod
1002 1951 1055 2029 qui
1065 1951 1155 2026 facit,
1175 1971 1248 2030 gra-

120 2048 296 2124 stadium,
319 2067 380 2129 000
391 2049 505 2107 factum
519 2060 580 2124 est,
601 2060 635 2107 ut
655 2047 792 2108 Christus
806 2059 901 2108 morte
917 2068 971 2108 sua
981 2050 1130 2125 justitiam
1146 2053 1247 2112 felici-

120 2159 276 2232 tatemque
286 2152 377 2234 nobie
393 2162 586 2229 compareret,
607 2150 740 2226 confidit,
754 2171 811 2210 000
824 2168 887 2210 000
900 2159 997 2209 totam
1013 2149 1148 2210 divinam
1155 2150 1248 2212 Chri-

18 2321 24 2336 ,
120 2252 162 2324 011
174 2263 310 2312 mentem
326 2255 359 2311 in
371 2254 567 2332 semetipsum
579 2252 685 2330 recipit
701 2249 792 2330 (Eph.
805 2251 835 2326 3,
853 2254 905 2315 12.
926 2255 1015 2312 Rom'.
1029 2243 1080 2330 10,
1094 2255 1126 2318 9.
1150 2257 1247 2319 1600.

10 2422 20 2453 ‚
122 2354 179 2430 12,
200 2336 232 2416 3.
256 2353 322 2411 aas
337 2355 368 2428 a,
389 2350 468 2432 aa),
509 2349 731 2435 Atqueexhac
745 2353 1018 2434 potissimumue,
1041 2359 1246 2438 quippena-

120 2472 188 2516 ram
197 2457 231 2514 in
243 2453 401 2515 hominum
416 2457 525 2514 animis
540 2457 689 2513 excitante
701 2458 853 2514 caritatem
865 2461 1068 2538 pietatemque
1084 2471 1113 2533 et
1126 2462 1245 2523 virtutis
1276 2501 1279 2516 .

37 2561 44 2568 “
121 2553 275 2636 quandam
288 2556 435 2614 unitatem
446 2554 595 2612 efficiente
608 2565 698 2636 01000
713 2558 958 2635 perpetuitatem,
987 2559 1141 2637 religionis
1161 2558 1245 2621 chri-

120 2655 238 2717 stianae
253 2657 435 2736 praestantia
450 2665 480 2715 et
491 2656 632 2718 nobilitas
646 2659 696 2718 vel
707 2660 840 2719 maxime
855 2669 978 2740 apparat
992 2660 1072 2754 (601.
1086 2656 1132 2739 5,
1146 2666 1176 2728 1.
1191 2665 1243 2729 13.

122 2755 162 2833 4,
185 2756 268 2842 500.
289 2759 393 2821 2600.
407 2758 446 2836 8,
467 2761 498 2822 6.
523 2762 613 2820 Rom.
628 2762 665 2834 8,
689 2760 728 2826 15
744 2780 789 2841 sq.
824 2760 902 2842 Eph.
915 2759 952 2841 4,
975 2766 1095 2846 22000.
1123 2767 1188 2830 Col.
1209 2769 1241 2844 8,

73 2882 77 2895 ¹
124 2861 166 2924 12
178 2861 270 2942 000).
313 2862 451 2922 Surrexit
462 2872 563 2920 autem
581 2863 736 2920 emormis
753 2863 842 2922 Jesus
858 2862 1007 2941 Christus,
1035 2879 1085 2942 ut,
1115 2868 1192 2948 0000
1212 2883 1242 2932 01

124 2958 251 3023 dixisset
263 2972 293 3020 et
308 2963 436 3038 fecisset,
453 2980 488 3020 ea
503 2964 568 3020 Deo
581 2973 644 3020 rata
657 2958 771 3043 haberi,
787 2959 964 3024 documento
978 2968 1152 3044 gravissimo
1167 2987 1241 3028 000-

124 3059 364 3144 firmaretfflom.
381 3065 415 3142 1,
436 3061 467 3131 4.
492 3065 594 3127 16οο
613 3063 669 3140 15,
693 3061 742 3130 14.
765 3067 852 3127 Rom.
868 3065 905 3145 4,
927 3067 979 3132 25.
1001 3066 1037 3148 85
1053 3064 1132 3148 34).

578 3259 783 3270 mou-—

44 3542 49 3549 »
124 3499 191 3572 De
214 3482 399 3575 notione
420 3464 786 3600 satisfactionis
819 3506 862 3575 ia
886 3517 1034 3578 morte
1059 3507 1236 3580 Christi

582 3624 782 3720 positae.

126 3859 130 3865 .
207 3807 293 3880 Quod
304 3806 504 3895 satisfaciendi
517 3810 696 3868 vocabulum
710 3829 770 3868 non
789 3810 948 3891 respondet
959 3814 1026 3874 voci
1042 3816 1180 3893 graecae,
1201 3814 1234 3875 in

27 3894 30 3901 ’
126 3909 220 3970 literis
236 3911 269 3970 S.
284 3911 400 3985 obviae,
413 3909 447 3969 id
461 3910 607 3992 impedire
617 3932 677 3970 000
691 3922 798 3990 potest,
814 3917 973 3995 quominus
987 3897 1094 3994 dogma
1112 3917 1234 3996 religio-

125 4013 172 4070 nis
182 4022 299 4073 nostrae
310 4020 340 4071 et
355 4033 445 4093 grava
456 4012 534 4072 illud
547 4010 670 4096 quidem
680 4014 888 4076 satisfactionIs
901 4017 1022 4076 nomine
1035 4028 1114 4077 recte
1128 4021 1236 4099 appel-

124 4111 217 4188 letur,
245 4112 395 4195 siquidem
411 4136 473 4192 res,
502 4137 537 4177 eo
556 4116 744 4193 consignata,
781 4117 814 4174 10
840 4115 1024 4197 Scriptorum
1044 4119 1077 4180 S.
1101 4119 1233 4181 doctrina

125 4232 227 4274 revera
251 4216 350 4276 inesse
376 4220 527 4298 probatur.
566 4216 702 4279 'Eodem
728 4228 828 4279 sutem
857 4239 929 4282 usus
957 4231 1001 4282 est
1028 4241 1069 4282 ex
1099 4224 1232 4305 Scripta-
