2648 4830
610 279 613 293 =
656 241 683 312 9

113 407 195 493 n'bus
216 407 422 491 ecclesiasticis
434 426 549 508 primus
570 424 852 506 Tertullianus
875 420 1062 507 etquidem,
1083 413 1231 485 fere'non

114 530 270 594 discedens
286 518 450 594 steteram
461 516 637 589 hatinorum
653 550 711 589 usu
739 527 770 609 )‚
793 527 829 587 de
842 530 895 605 iis,
923 547 999 610 quae
1017 529 1084 609 quis
1102 536 1233 607 praestat

111 635 155 695 'ad
166 633 420 719 reconciliandum
433 635 493 695 sibi
510 653 593 709 eum,
615 623 706 715 quem
723 629 849 691 offendit
862 642 891 690 et
909 629 948 690 ad
960 633 1064 711 ipsius
1078 629 1136 690 Dei
1146 633 1233 689 favo·
1302 664 1306 672 ·

113 757 178 796 rem
190 737 450 821 consequendum,
472 756 570 823 neque
591 757 662 796 vero
680 735 717 795 de
732 733 841 795 Christi
860 736 894 793 iu
914 733 1053 794 homines
1071 730 1233 811 meritot).

111 839 232 899 Tamen
257 860 275 899 a
296 839 553 901 Tertulliano
582 836 653 896 inde
669 838 878 897 satisfactionis
893 837 1074 897 vocabulum
1088 837 1119 892 in
1133 855 1166 892 re
1183 854 1234 892 ec·

112 942 279 1003 clesiastica
294 933 412 1002 civitdte
428 940 571 1001 donatum
584 961 648 1001 esse
661 938 788 1018 videtur,
806 951 895 1021 atque
912 959 948 998 eo
959 940 1079 998 facilius
1093 933 1132 994 ad
1146 932 1235 996 Chri-

112 1054 195 1107 stum
211 1037 366 1112 transferri
378 1045 490 1125 potuit,
513 1065 573 1125 quo
586 1045 685 1123 magis
700 1040 813 1103 accedit
832 1040 872 1100 ad
885 1034 1114 1100 similitudinem
1132 1056 1235 1096 aarum

111 1164 240 1223 roman,
260 1148 381 1228 quaein
394 1129 431 1207 a.
445 1149 486 1208 Tr
498 1148 583 1209 naas
600 1140 636 1206 ae
656 1138 766 1207 caasa
778 1145 931 1206 beneficas
953 1142 1109 1217 aeman,
1130 1141 1234 1222 quaes

110 1257 185 1331 sunt
195 1245 321 1339 λύτρον)
343 1251 539 1334 ἀντίλυτρον,
561 1244 776 1333 ἀπολύτρωσις.
798 1247 976 1309 ‘Undecimi
987 1257 1088 1316 autem
1104 1255 1134 1303 θῒ
1148 1262 1234 1326 ⁸2²qu

111 1352 300 1412 saeculorum
312 1349 457 1433 theologi,
473 1354 581 1435 quibus
595 1353 765 1412 satisfecere
781 1363 860 1413 erat:
882 1348 1036 1424 honorem,
1060 1367 1151 1429 quem
1166 1347 1234 1427 quis
1307 1344 1310 1351 ’

109 1452 263 1533 peccando
278 1459 393 1535 rapuit,
415 1458 480 1517 Deo
501 1466 646 1538 tanquam
664 1453 799 1515 debitum
820 1452 995 1534 solveret),
1024 1450 1233 1511 satisfactionis

90 1553 239 1616 'ricariad
254 1575 365 1617 nomen
380 1558 475 1617 nobili
495 1578 549 1618 suo
572 1557 775 1637 praefixerunt
797 1559 951 1637 systemati
973 1554 1011 1614 de
1032 1552 1149 1613 Christo
1172 1550 1234 1610 hu·
1276 1629 1285 1644 Ι

110 1660 194 1714 mani
207 1662 324 1736 generis
338 1643 502 1736 expiatore.
543 1660 590 1717 Ab
604 1657 652 1717 his
669 1671 774 1737 postea
792 1661 909 1716 transiit
920 1661 964 1714 'in
982 1668 1115 1714 nostram
1136 1655 1233 1713 ecclc-

110 1757 198 1834 siam,
219 1778 260 1817 ex
273 1761 357 1837 cujus
373 1757 547 1838 doctrina4)
567 1757 677 1838 Christi
688 1760 800 1817 vicaria
812 1758 975 1818 satisfactio
987 1760 1087 1816 omnia
1097 1777 1136 1830 ,ea
1148 1777 1234 1817 com-

90 1896 92 1900 .
108 1858 267 1941 plectitur,
289 1843 365 1942 quae
382 1862 436 1920 ille
448 1871 549 1921 nostro
564 1861 631 1922 loco
644 1870 675 1920 et
687 1861 760 1920 fecit
775 1872 804 1920 et
819 1880 925 1941 passus
939 1871 983 1920 est
1005 1857 1044 1918 ad
1058 1858 1233 1924 avertendas

111 1978 130 2018 a
151 1961 239 2019 nobis
256 1974 448 2038 peccatorum
466 1944 579 2040 poenas
596 1964 757 2041 Deumque
781 1974 898 2043 patrem
924 1963 1011 2022 nobis
1036 1982 1068 2020 re
1087 1964 1234 2021 oncilian-

112 2057 195 2120 dum.
228 2062 352 2123 Duabus
367 2064 460 2144 igitur
472 2063 640 2123 continetur
653 2064 806 2143 partibus:
829 2067 922 2124 alteia
932 1982 1111 2156 obedienda
1127 2068 1235 2134 activa,

111 2182 173 2246 qua
194 2185 249 2244 per
266 2175 362 2223 totam
374 2166 470 2222 vitam
481 2165 699 2242 perfectissima
713 2168 790 2242 legis
800 2169 999 2244 impletione,
1023 2179 1160 2248 suscepta
1176 2188 1234 2229 no·
1292 2187 1300 2202 ‘

111 2276 173 2324 stra
185 2269 269 2341 rice,
289 2266 435 2347 uobisque
456 2262 495 2322 ad
507 2266 654 2344 justitiam
668 2266 861 2347 imputanda,
883 2251 1032 2327 sanctitati
1050 2266 1168 2329 divinae
1183 2292 1235 2331 sa-

111 2367 257 2426 tisfecerit
271 2377 300 2424 et
313 2368 479 2446 expiaverit
493 2369 631 2445 culpam3
654 2369 746 2426 altera
761 2368 932 2428 obedientia
947 2373 1081 2449 passIva,
1105 2371 1165 2454 qua
1185 2384 1235 2434 to-

99 2468 206 2527 lerata
218 2478 314 2528 morte
327 2488 383 2528 sua
397 2478 517 2526 cruenta
531 2489 586 2548 pro
598 2470 736 2530 omnibus
748 2468 908 2530 hominum
917 2475 1047 2551 peccatis
1059 2477 1235 2537 satisfecerit

110 2574 169 2632 Dei
178 2573 310 2652 justitiae
323 2581 354 2630 et
367 2572 521 2630 sustulerit
533 2591 655 2655 poenas.
682 2648 686 2653 Ι

123 2759 126 2762 ἢ
196 2679 303 2733 haunt
318 2675 406 2754 plura
422 2675 455 2731 in
467 2674 573 2732 latiore
588 2671 677 2750 hujus
697 2671 846 2752 dogmatis
864 2679 1114 2756 Evangelicorum
1131 2683 1233 2760 expli-

114 2778 248 2852 catione,
271 2794 366 2856 quae,
388 2776 500 2854 quippe
522 2773 664 2834 destituta
693 2776 838 2836 librorum
856 2777 888 2837 S.
913 2783 1104 2857 auctoritate,
1127 2780 1232 2844 m'inus
1289 2784 1291 2788 ’

111 2876 266 2959 probanda
280 2897 314 2936 ac
327 2879 420 2937 missa
433 2887 504 2937 sunt
517 2875 665 2936 facienda.
706 2882 753 2938 Ita
773 2879 921 2940 infinitam
947 2902 1040 2960 genus
1064 2882 1232 2945 humanum

112 2983 171 3043 sibi
181 2983 364 3042 contraxisse
374 2980 493 3060 culpam
504 2990 534 3038 et
547 2982 696 3042 infinitam
705 2982 1018 3064 fiiisseoffensionem,
1033 2987 1097 3045 Deo
1103 2987 1229 3065 illatam,

114 3103 191 3166 quae
208 3085 325 3164 expiari
336 3103 398 3142 non
414 3086 545 3162 potuerit
561 3087 621 3145 nisi
633 3075 687 3166 per
698 3086 848 3172 infinitum
861 3088 991 3167 pretium
1005 3090 1159 3167 sanguinis
1174 3095 1231 3153 θε-

113 3181 297 3270 ανθρῶπου,
308 3186 474 3267 praecunte
490 3170 634 3247 Ansehno
650 3185 776 3246 docuere
790 3185 924 3269 theologi
942 3192 1052 3265 nostri,
1086 3192 1159 3271 quin
1179 3203 1230 3252 aut

89 3308 195 3367 ‘opus
213 3309 248 3347 eo
269 3287 413 3376 haberent
434 3287 474 3348 ad
495 3289 605 3370 dogma
626 3300 705 3350 recte
727 3290 939 3350 stabiliendum
962 3302 1014 3352 aut
1033 3292 1229 3356 fundamento
1315 3327 1317 3331 π

159 3488 211 3556 ,1)
232 3488 274 3542 cf.
292 3487 359 3543 cte.
377 3491 468 3545 Acti.
489 3491 603 3563 Verri,
622 3493 646 3545 1.
666 3491 701 3543 ll.
719 3491 992 3560 Verr.l‚31.'1'ac
1011 3496 1195 3554 d.Germ.21.

88 3568 93 3577 ¹
180 3577 211 3644 2)
232 3576 513 3646 Cs.Dapct.3et13.
531 3580 671 3649 Dapudic.
685 3581 712 3635 9.
726 3582 943 3649 Dapoeu10.·-
959 3581 1102 3647 Locum‚in
1119 3601 1170 3654 quo
1188 3602 1230 3638 es·

81 3664 84 3671 ’
114 3668 168 3714 sets
186 3662 304 3716 Christus
317 3672 426 3730 peccata
439 3666 568 3721 homiuum
586 3666 655 3718 omni
674 3652 862 3732 satisfactionis
878 3669 970 3721 tatttu
990 3671 1120 3738 expiavit,
1139 3671 1230 3724 Doe-

113 3743 311 3802 derleinius
330 3748 385 3818 ipse
401 3748 476 3802 filaxit
489 3750 546 3806 sibi.
580 3749 624 3808 cf.
642 3754 729 3808 instit.
745 3755 783 3808 tlt.
805 3755 859 3806 chr.
871 3755 905 3820 ll.
921 3755 947 3823 5.
962 3755 1022 3809 268.
1040 3758 1096 3824 (ed.
1110 3759 1183 3812 1797.
1196 3759 1228 3811 Ρ.

113 3836 150 3888 ll.
172 3853 201 3905 p.
212 3833 294 3903 429).
328 3832 477 3886 Menanter
491 3834 603 3891 tenuisse
618 3837 720 3891 videtur
742 3842 837 3893 verber
859 3834 928 3894 omui
937 3843 1125 3910 satisfactionis
1137 3847 1228 3901 hahita
1286 3884 1291 3893 ·

98 3905 235 3992 ἀρίστα,
255 3939 322 3992 quae
339 3922 366 3975 d.
384 3922 528 3989 Cultsem.
543 3925 570 3993 l,
589 3927 613 3979 1.
624 3923 650 3977 in
665 3943 695 3978 ra
710 3925 787 3994 longe
804 3925 852 3979 alia
868 3927 996 3994 leguntur⁴

180 4009 211 4076 8)
235 4007 280 4062 cf..
294 4007 450 4062 essetne
468 4007 519 4060 tte
532 4012 709 4065 Deuslrcmo?
728 4015 792 4082 Opp.
812 4018 831 4066 t.
845 4014 892 4065 lll⁴
908 4032 936 4083 p.
954 4013 997 4068 42.
1033 4015 1127 4070 Varios
1149 4018 1227 4072 satis

113 4090 231 4232 adim
256 4094 414 4164 significatus
435 4093 496 4149 vide
523 4111 566 4168 ap.
593 4096 610 4149 J
617 4114 677 4155 cau
685 4115 711 4156 a.
736 4098 928 4152 Dallaeumt
950 4103 991 4156 Dc
1009 4104 1095 4170 satus.
1113 4104 1183 4162 tam.
1198 4125 1226 4176 p.

83 4213 87 4228 ·
181 4191 235 4248 'ts
725 4218 727 4225 ·
858 4206 877 4245 0
1036 4192 1040 4197 ¹

182 4261 212 4334 t)
232 4263 274 4319 cl.
284 4266 342 4323 loca
356 4283 434 4341 supra
451 4269 530 4325 allata
547 4253 562 4323 e
578 4268 648 4324 libris
665 4269 756 4326 scuris
775 4270 924 4343 symbolicis.
